@book{agt,
    author    = "Noam Nisan and Tim Roughgarden and Eva Tardos and Vijay V. Vazirani",
    title     = "Algorithmic Game Theory",
    year      = "2007",
    publisher = "Cambridge Universitu Press",
    address   = "NY, USA"
}

@book{neumann,
    author    = "John von Neumann and Oskar Morgenstern",
    title	= "Theory of games and economic behavior",
	year	= "1944",
	publisher = "Princeton University Press",
	address	= "Princeton, New Jersey"
}

