@online{mathgen,
title="Mathematics Genealogy Project",
publisher="Department of Mathematics, North Dakota State University",
place="Fargo, North Dakota",
url="https://genealogy.math.ndsu.nodak.edu/"
}

@online{wiki_cantor,
title="Георг Кантор",
url="https://ru.wikipedia.org/wiki/Кантор,_Георг"
}

@online{wiki_poincare,
title="Анри Пуанкаре",
url="https://ru.wikipedia.org/wiki/Пуанкаре,_Анри"
}

@online{onauke,
title="О науке",
author="Пуанкаре А.",
publisher="Наука",
year="1989"
}

@book{vejl,
author="Герман Вейль",
title="О философии математики",
publisher="URSS",
year="2005"
}