@book{sh,
	title={Вероятность-1},
	author={А. Н. Ширяев},
	publisher={МЦНМО},
	year={2007}
}
