@book{musatov,
	title="Сложность вычислений. Классика и современность",
	author={Д. В. Мусатов},
	publisher="МФТИ",
	year="2019"
}
	
@article{wikinpcompleteness,
	title="NP-completeness",
	url="https://en.wikipedia.org/wiki/NP-completeness"
}

@online{rain,
	title="NP-полнота",
	url="http://rain.ifmo.ru/cat/view.php/theory/algorithm-analysis/np-completeness-2004"
}

@online{wikituring,
	title="Машин Тьюринга",
	url="https://ru.wikibooks.org/wiki/Машина_Тьюринга"
}

@article{wikiendaut,
	title="Конечный автомат",
	url="https://ru.wikipedia.org/wiki/Конечный_автомат"
}

@book{moore,
	author="Cristopher Moore, Stephan Mertens",
	title="The Nature of Computation"
}

@book{goldenticket,
	author="Lance Fortnow",
	title="The Golden Ticket. P, NP and search of the impossible",
	year="2013"
}

@article{wikiclassnp,
	title="Класс NP",
	url="https://ru.wikipedia.org/wiki/Класс_NP"
}

