@online {gm,
title="Задача о справедливом дележе",
author="Антон Гусев and Даниил Мусатов",
year="2016",
url="http://www.machinelearning.ru/wiki/images/4/4e/Musatov-fair-division.pdf"
}

@online{t2014,
title="Методы оптимизации. Темы для проектов",
year="2014",
url="http://ru.discrete-mathematics.org/spring2014/2/metopt_pmi/optimization-2014-projects.pdf",
publisher="Факультет инноваций и высоких технологий, МФТИ"
}

@book{poa,
title="Selfish routing and the price of anarchy",
author="Tim Roughgarden",
year="2005",
publisher="The MIT Press",
place="MIT, Cambridge, Massachussets"
}
