@book{agt,
    author    = "Noam Nisan and Tim Roughgarden and Eva Tardos and Vijay V. Vazirani",
    title     = "Algorithmic Game Theory",
    year      = "2007",
    publisher = "Cambridge Universitu Press",
    address   = "NY, USA"
}

@book{eac,
author="Rothe, Jörg (editor)",
title="Economics and computation",
year="2016",
publisher="Springer"
}

@book{compl,
author="Мусатов",
title="Сложность вычислений. Классика и современность",
year="2019",
publisher="МФТИ",
langid="russian"
}

@book{neumann,
    author    = "John von Neumann and Oskar Morgenstern",
    title	= "Theory of games and economic behavior",
	year	= "1944",
	publisher = "Princeton University Press",
	address	= "Princeton, New Jersey"
}

@online{anons12,
author="Д. В. Мусатов",
title="Алгоритмическая теория игр",
year="2012",
url="https://mipt.ru/education/chairs/da/education/bachelor/materials/special/special_archive/spring2012/musatov_spring2012.php",
publisher="МФТИ",
langid="russian"
}

@online{program2014,
title="Алгоритмическая теория игр, 10-ый семестр, Программа курса",
url="http://ru.discrete-mathematics.org/spring2014/magistracy/10sem/alg/program.pdf"
}